@book{吴大任1979微分几何讲义,
  title={微分几何讲义},
  author={吴大任},
  publisher={微分几何讲义},
  year={1979},
}

@article{2015Glypican,
	title={Glypican-1 identifies cancer exosomes and detects early pancreatic cancer},
	author={ Melo, S. A.  and  Luecke, L. B.  and  Kahlert, C.  and  Fernandez, A. F.  and  Gammon, S. T.  and  Kaye, J.  and  Lebleu, V. S.  and  Mittendorf, E. A.  and  Weitz, J.  and  Rahbari, N. },
	journal={Nature},
	volume={523},
	number={7559},
	pages={177-182},
	year={2015},
}

@book{LDG,
  author = {Xingshen Chern}, 
  title = {Lecture notes on Differential Geometry},
  publisher = {Peking University Press},
  year = 1983,
  volume = 1,
  series = {Leture},
  address = {Bei jing},
  edition = 2,
  month = 12,
  note = {Leture Notes},
  isbn = {978-7-301-05151/O $\cdot$ 512}
}

@book{hartshorne2013algebraic,
  title={Algebraic geometry},
  author={Hartshorne, Robin},
  volume={52},
  year={2013},
  publisher={Springer Science and Business Media}
}

@book{lang2012algebra,
  title={Algebra},
  author={Lang, Serge},
  volume={211},
  year={2012},
  publisher={Springer Science and Business Media}
}









