@book{Huybrechts2010Complex,
  title={Complex geometry:an introduction},
  author={Huybrechts and Daniel},
  publisher={Springer},
  year={2010},
}









