%%%%%%%%%%%%%%%%%%%%%%%%%%%%%%%%%
%%%%%------------- English Bibliography ----------%%%%%
%%%%%%%%%%%%%%%%%%%%%%%%%%%%%%%%%
@article{example-article,
    author = {I. Surname and I. Surname and I. Surname},
    title = {The Title of the Article},
    journal = {The Title of the Journal},
    volume = {1},
    number = {2},
    pages = {123-456},
    year = {2000},
    note = {}
}

@book{example-book,
    author = {I. Surname and I. Surname and I. Surname},
    title = {The Title of the Book},
    publisher = {Publisher},
    year = {2000},
    edition = {8th ed.},
    address = {City, State or Country},
    note = {}
}

@online{example-website,
    author = {{Website Name} <OR> I. Surname and I. Surname and I. Surname},
    title = {Title of the Website},
    url = {https://example.com},
    urldate = {2020-12-24},
    year = {2000}
}






%%%%%%%%%%%%%%%%%%%%%%%%%%%%%%%%%
%%%%%------------- Chinese Bibliography ----------%%%%%
%%%%%%%%%%%%%%%%%%%%%%%%%%%%%%%%%
@book{姚慕生2005抽象代数学,
    title={抽象代数学},
    author={姚慕生},
    edition = {2版},
    address = {上海：复旦大学出版社},
    year={1998.11 (2017.9重印)},
}

@Book{陈省身，陈维桓2001.10,
  author  = {陈省身，陈维桓},
  title   = {微分几何讲义},
  edition = {第2版},
  address = {北京：北京大学出版社},
  year    = {2001.10},
}
