@book{吴大任1979微分几何讲义,
  title={微分几何讲义},
  author={吴大任},
  publisher={微分几何讲义},
  year={1979},
}